<record><leader>00000cas a22000007a 4500</leader><controlfield tag="001">35851996</controlfield><controlfield tag="008">961106d195u1959tnuwr ne      0    0eng d</controlfield><datafield ind1=" " ind2=" " tag="010"><subfield code="a">sn 96091130 </subfield></datafield><datafield ind1=" " ind2=" " tag="040"><subfield code="a">TGN</subfield><subfield code="b">eng</subfield><subfield code="c">TGN</subfield><subfield code="d">OCLCQ</subfield><subfield code="d">OCLCO</subfield></datafield><datafield ind1="1" ind2=" " tag="029"><subfield code="a">AU@</subfield><subfield code="b">000012911250</subfield></datafield><datafield ind1=" " ind2=" " tag="042"><subfield code="a">msc</subfield></datafield><datafield ind1=" " ind2=" " tag="043"><subfield code="a">n-us-tn</subfield></datafield><datafield ind1="0" ind2="4" tag="245"><subfield code="a">The upper Sumner press, Portland herald.</subfield></datafield><datafield ind1="3" ind2="0" tag="246"><subfield code="a">Upper Sumner press</subfield></datafield><datafield ind1="3" ind2="0" tag="246"><subfield code="a">Portland herald</subfield></datafield><datafield ind1=" " ind2=" " tag="260"><subfield code="a">Portland, Tenn. :</subfield><subfield code="b">[s.n.],</subfield><subfield code="c">-1959.</subfield></datafield><datafield ind1=" " ind2=" " tag="300"><subfield code="a">v.</subfield></datafield><datafield ind1=" " ind2=" " tag="310"><subfield code="a">Weekly</subfield></datafield><datafield ind1="0" ind2=" " tag="362"><subfield code="a">-v. 28, no. 4 (Jan. 29, 1959).</subfield></datafield><datafield ind1=" " ind2=" " tag="500"><subfield code="a">Editor: Ramona Gilliam, 1956-1959.</subfield></datafield><datafield ind1=" " ind2=" " tag="580"><subfield code="a">Formed by the union of: Upper Sumner press (Portland, Tenn. : 1931), and: Portland herald (Portland, Tenn.).</subfield></datafield><datafield ind1=" " ind2=" " tag="580"><subfield code="a">Merged with: Gallatin examiner and Sumner County Tennessean (Gallatin, Tenn. : 1946), to form: Examiner-press and Sumner County Tennessean (Portland, Tenn.), and: Examiner-press and Sumner County Tennessean (Gallatin, Tenn.).</subfield></datafield><datafield ind1=" " ind2=" " tag="588"><subfield code="a">Description based on: Vol. 24, no. 44 (Nov. 1, 1956).</subfield></datafield><datafield ind1=" " ind2="0" tag="651"><subfield code="a">Portland (Tenn.)</subfield><subfield code="v">Newspapers.</subfield></datafield><datafield ind1=" " ind2="0" tag="651"><subfield code="a">Sumner County (Tenn.)</subfield><subfield code="v">Newspapers.</subfield></datafield><datafield ind1=" " ind2=" " tag="752"><subfield code="a">United States</subfield><subfield code="b">Tennessee</subfield><subfield code="c">Sumner</subfield><subfield code="d">Portland.</subfield></datafield><datafield ind1="1" ind2="4" tag="780"><subfield code="t">Upper Sumner press (Portland, Tenn. : 1931)</subfield><subfield code="w">(DLC)sn 96091128</subfield></datafield><datafield ind1="1" ind2="4" tag="780"><subfield code="t">Portland herald (Portland, Tenn.)</subfield><subfield code="w">(DLC)sn 96091129</subfield></datafield><datafield ind1="1" ind2="7" tag="785"><subfield code="t">Gallatin examiner and Sumner County Tennessean (Gallatin, Tenn. : 1946)</subfield><subfield code="w">(DLC)sn 96091119</subfield></datafield><datafield ind1="1" ind2="7" tag="785"><subfield code="t">Examiner-press and Sumner County Tennessean (Portland, Tenn.)</subfield><subfield code="w">(DLC)sn 96091113</subfield></datafield><datafield ind1="1" ind2="7" tag="785"><subfield code="t">Examiner-press and Sumner County Tennessean (Gallatin, Tenn.)</subfield><subfield code="w">(DLC)sn 96091112</subfield></datafield></record>